@misc{rgbhsl, 
	title={Math behind colorspace conversions, RGB-HSL}, 
	url={https://www.niwa.nu/2013/05/math-behind-colorspace-conversions-rgb-hsl/}, 
	journal={Niwa}, 
	author={Waldman, Nikolai},
	year={2017},
	month={Aug},
	day={14}	
}

@book{preproccclassroom,
  title={Adobe Premiere Pro CC Classroom in a Book (2017 release)},
  author={Jago, M.},
  isbn={9780134666297},
  series={Classroom in a Book},
  url={https://books.google.si/books?id=tbk7DgAAQBAJ},
  year={2017},
  publisher={Pearson Education}
}


@book{ tugoslavija,
	title={VIDEODOKUMENT: videoumetnost v slovenskem prostoru 1969-1998},
	author={Barbara Borčič},
	isbn={9616278088},
	publisher={Zavod za odprto družbo - Slovenija},
	year={1999},
	address={Ljubljana, Slovenija}
}



@book{ upoprogopr,
	title={Računalništvo in uporabniška programska oprema},
	author={Tatjana Zrimec},
	isbn={9616209086},
	publisher={Fakulteta za računalništvo in informatiko, Ljubljana},
	year={1997},
	address={Ljubljana, Slovenija}
}

@misc{colordiff2, 
	title={Colour metric}, 
	url={https://www.compuphase.com/cmetric.htm}, 
	journal={Colour metric}, 
	author={Riemersma, Thiadmer}, 
	year={2012}, 
	month={Apr}
}

@article{colordiff1,
 author = {Hill, B. and Roger, Th. and Vorhagen, F. W.},
 title = {Comparative Analysis of the Quantization of Color Spaces on the Basis of the CIELAB Color-difference Formula},
 journal = {ACM Trans. Graph.},
 issue_date = {April 1997},
 volume = {16},
 number = {2},
 month = apr,
 year = {1997},
 issn = {0730-0301},
 pages = {109--154},
 numpages = {46},
 url = {http://doi.acm.org/10.1145/248210.248212},
 doi = {10.1145/248210.248212},
 acmid = {248212},
 publisher = {ACM},
 address = {New York, NY, USA},
 keywords = {CIE XYZ, CIELAB, CIELAB color space, CIELUV, Cromalin, YCC, color difference perception, color quantization, color spaces, dye sublimation printer, match print, optimal colors},
} 

@book{vesHandbook,
  title={The VES Handbook of Visual Effects},
  author={Visual Effects Society},
  editor={Okun, Jeffrey A and Zwerman, Susan},
  year={2010},
  publisher={Esevier Inc.},
  address={Oxford, Anglija}
}

@book{slepoPolje,
	title={Slepo Polje},
	author={Pascal Binitzer},
	year={1985},
	publisher={ŠKUC, Znanstveni inštitut Filozofke fakultete},
	address={Ljubljana, Slovenija}
}

@book{radovanKakoUjeti,
	title={Kako ujeti gibljive podobe},
	author={Radovan Čok},
	year={2014},
	publisher={UMco, d.d.},
	address={Ljubljana, Slovenija}
}

@book{rekonFikc,
	title={Rekonstruirana fikcija: novi mediji, (video) umetnost, postsocializem in retroavantgarda: teorija, politika, estetika: 1997-1985},
	author={Marina Gržinić},
	year={1997},
	publisher={Študentska organizacija univerze, Študentska založba},
	address={Ljubljana, Slovenija},
	series={Koda}
}

@incollection{videosfera1,
	title={Jedan pomalo tužan pogled na Američki video 1983. godine},
	author={Nenad Puhovski},
	booktitle={Videosfera},
	year={1986},
	address={Beograd, Srbija},
	editor={Žarana Papić},
	pages={42--45},
	publisher={Studentski izdavački centar UKSSO Beograda}
}

@misc{aesdk,
	title={After Effects CC 2017.1 SDK Guide, Release 1},
	author={Russell Belfer et al.},
	publisher={Adobe Systems Incorporated},
	year={2017}
}

@book{aeclassroom,
 author = {Team, Adobe Creative},
 title = {Adobe After Effects CC Classroom in a Book},
 year = {2013},
 isbn = {0321929608, 9780321929600},
 edition = {1st},
 publisher = {Adobe Press},
} 


@article{siggraphComposition,
	title={Compositing Digital Images},
	author={Thomas Porter, Tom Duff},
	journal={Computer Graphics SIGGRAPH'84},
	volume={18},
	number={3},
	year={1984},
	publisher={ACM},
	pages={253--259}
}

@book{manovichnewmedia,
  title={The Language of New Media},
  author={Manovich, L.},
  isbn={9780262632553},
  lccn={00057882},
  series={Leonardo (Series) (Cambridge, Mass.)},
  url={https://books.google.si/books?id=7m1GhPKuN3cC},
  year={2001},
  publisher={MIT Press}
}





